<record><leader>00000cas a22000007a 4500</leader><controlfield tag="001">14088464</controlfield><controlfield tag="008">860814d18501850nju x ne      0    0eng d</controlfield><datafield ind1=" " ind2=" " tag="010"><subfield code="a">sn 86077226 </subfield></datafield><datafield ind1=" " ind2=" " tag="040"><subfield code="a">NPA</subfield><subfield code="b">eng</subfield><subfield code="c">NPA</subfield><subfield code="d">NJW</subfield><subfield code="d">OCLCQ</subfield></datafield><datafield ind1=" " ind2=" " tag="042"><subfield code="a">msc</subfield></datafield><datafield ind1="0" ind2=" " tag="130"><subfield code="a">People's advocate (Freehold, N.J.)</subfield></datafield><datafield ind1="1" ind2="0" tag="245"><subfield code="a">People's advocate.</subfield></datafield><datafield ind1=" " ind2=" " tag="260"><subfield code="a">Freehold, N.J. :</subfield><subfield code="b">Association of Democrats</subfield></datafield><datafield ind1=" " ind2=" " tag="300"><subfield code="a">v. ;</subfield><subfield code="c">30 cm.</subfield></datafield><datafield ind1=" " ind2=" " tag="310"><subfield code="a">Frequency varies</subfield></datafield><datafield ind1="1" ind2=" " tag="362"><subfield code="a">Began with Sept. 23, 1850 issue; ceased with Nov. 2, 1850 issue?</subfield></datafield><datafield ind1=" " ind2=" " tag="500"><subfield code="a">Democratic.</subfield></datafield><datafield ind1=" " ind2=" " tag="588"><subfield code="a">Description based on: Vol. 1, no. 4 (Oct. 17, 1850).</subfield></datafield><datafield ind1=" " ind2=" " tag="752"><subfield code="a">United States</subfield><subfield code="b">New Jersey</subfield><subfield code="c">Monmouth</subfield><subfield code="d">Freehold.</subfield></datafield></record>